@article{Cui_2015,
   title={Universal quantum computation with metaplectic anyons},
   volume={56},
   ISSN={1089-7658},
   url={http://dx.doi.org/10.1063/1.4914941},
   DOI={10.1063/1.4914941},
   number={3},
   journal={Journal of Mathematical Physics},
   publisher={AIP Publishing},
   author={Cui, Shawn X. and Wang, Zhenghan},
   year={2015},
   month={Mar},
   pages={032202}
}

@article{Farinholt_2014,
   title={An ideal characterization of the Clifford operators},
   volume={47},
   ISSN={1751-8121},
   url={http://dx.doi.org/10.1088/1751-8113/47/30/305303},
   DOI={10.1088/1751-8113/47/30/305303},
   number={30},
   journal={Journal of Physics A: Mathematical and Theoretical},
   publisher={IOP Publishing},
   author={Farinholt, J M},
   year={2014},
   month={Jul},
   pages={305303}
}

@phdthesis{Wang_2018,
  author       = {Quanlong Wang}, 
  title        = {Completeness of the ZX-calculus},
  school       = {University of Oxford},
  year         = 2018
}